<record><leader>00000cas a22000007a 4500</leader><controlfield tag="001">32710629</controlfield><controlfield tag="008">950626d19uu199ucauwr ne      0    0chi d</controlfield><controlfield tag="009">14485</controlfield><datafield ind1=" " ind2=" " tag="010"><subfield code="a">sn 95061563 </subfield></datafield><datafield ind1=" " ind2=" " tag="040"><subfield code="a">CUY</subfield><subfield code="b">eng</subfield><subfield code="c">CNK</subfield><subfield code="d">OCLCQ</subfield></datafield><datafield ind1="1" ind2=" " tag="029"><subfield code="a">AU@</subfield><subfield code="b">000015611431</subfield></datafield><datafield ind1=" " ind2=" " tag="042"><subfield code="a">msc</subfield></datafield><datafield ind1="0" ind2="0" tag="245"><subfield code="a">Meiguo shi bao =</subfield><subfield code="b">Asians today.</subfield></datafield><datafield ind1="3" ind2="1" tag="246"><subfield code="a">Asians today</subfield></datafield><datafield ind1="3" ind2=" " tag="246"><subfield code="a">Mei guo shi bao</subfield></datafield><datafield ind1=" " ind2=" " tag="260"><subfield code="a">San Gabriel, CA :</subfield><subfield code="b">[s.n.]</subfield></datafield><datafield ind1=" " ind2=" " tag="300"><subfield code="a">v.</subfield></datafield><datafield ind1=" " ind2=" " tag="310"><subfield code="a">Weekly</subfield></datafield><datafield ind1=" " ind2=" " tag="588"><subfield code="a">Description based on: Di 346 hao (Sep. 25-Oct. 1, 1993).</subfield></datafield><datafield ind1=" " ind2=" " tag="752"><subfield code="a">United States</subfield><subfield code="b">California</subfield><subfield code="c">Los Angeles</subfield><subfield code="d">San Gabriel.</subfield></datafield></record>